@article{polilov2017scaling,
  title={The scaling and allometry of organ size associated with miniaturization in insects: A case study for Coleoptera and Hymenoptera},
  author={Polilov, Alexey A and Makarova, Anastasia A},
  journal={Scientific reports},
  volume={7},
  number={1},
  pages={1--7},
  year={2017},
  publisher={Nature Publishing Group}
}
@article{ewers2019testing,
  title={Testing adaptive hypotheses on the evolution of larval life history in acorn and stalked barnacles},
  author={Ewers-Saucedo, Christine and Pappalardo, Paula},
  journal={Ecology and evolution},
  volume={9},
  number={19},
  pages={11434--11447},
  year={2019},
  publisher={Wiley Online Library}
}
@inproceedings{hossain2008phyql,
  title={PhyQL: A web-based phylogenetic visual query engine},
  author={Hossain, Shahriyar and Islam, Munirul and Jamil, Hasan M and others},
  booktitle={2008 IEEE International Conference on Bioinformatics and Biomedicine},
  pages={295--298},
  year={2008},
  organization={IEEE}
}
@inproceedings{shan2002structure,
  title={A structure-based search engine for phylogenetic databases},
  author={Shan, Huiyuan and Herbert, Katherine G and Piel, William H and Shasha, Dennis and Wang, Jason Tsong-Li},
  booktitle={Proceedings 14th International Conference on Scientific and Statistical Database Management},
  pages={7--10},
  year={2002},
  organization={IEEE}
}
@article{piel2018treebasedmp,
  title={TreeBASEdmp: A Toolkit for Phyloinformatic Research},
  author={Piel, William H and Vos, Rutger A},
  journal={bioRxiv},
  pages={399030},
  year={2018},
  publisher={Cold Spring Harbor Laboratory}
}
@article{eastman2013congruification,
author = {Eastman, Jonathan M. and Harmon, Luke J. and Tank, David C.},
doi = {10.1111/2041-210X.12051},
journal = {Methods in Ecology and Evolution},
keywords = {Divergence time,Phylogenetics,Time scaling,Tree of life,geiger},
number = {7},
pages = {688--691},
title = {{Congruification: Support for time scaling large phylogenetic trees}},
volume = {4},
year = {2013}
}
@article{smith2019pyphlawd,
  title={PyPHLAWD: A python tool for phylogenetic dataset construction},
  author={Smith, Stephen A and Walker, Joseph F},
  journal={Methods in Ecology and Evolution},
  volume={10},
  number={1},
  pages={104--108},
  year={2019},
  publisher={Wiley Online Library},
  doi={10.1111/2041-210X.13096}
}
@article{chang2019r,
  title={An R package and online resource for macroevolutionary studies using the ray-finned fish tree of life},
  author={Chang, Jonathan and Rabosky, Daniel L and Smith, Stephen A and Alfaro, Michael E},
  journal={Methods in Ecology and Evolution},
  volume={10},
  number={7},
  pages={1118--1124},
  year={2019},
  publisher={Wiley Online Library}
}
@article{stevens2001angiosperm,
  title={Angiosperm Phylogeny Website},
  author={Stevens, Peter Francis and others},
  journal={{Version 14, July 2017 [and more or less continuously updated since]}},
  year={2001 onwards},
  publisher={Missouri Botanical Garden}
}
@article{gastauer2018optimizing,
  title={Optimizing community trees using the open tree of life increases the reliability of phylogenetic diversity and dispersion indices},
  author={Gastauer, Markus and Caldeira, Cec{\'\i}lio Frois and Trotter, Ian and Ramos, Silvio Junio and Neto, Jo{\~a}o Augusto Alves Meira},
  journal={Ecological Informatics},
  volume={46},
  pages={192--198},
  year={2018},
  publisher={Elsevier}
}
@article{park2018taxon,
  title={Taxon sampling effects on the quantification and comparison of community phylogenetic diversity},
  author={Park, Daniel S and Worthington, Steven and Xi, Zhenxiang},
  journal={Molecular ecology},
  volume={27},
  number={5},
  pages={1296--1308},
  year={2018},
  publisher={Wiley Online Library}
}
@article{bitomsky2020clade,
  title={Clade composition of a plant community indicates its phylogenetic diversity},
  author={Bitomsk{\`y}, Martin and Ml{\'a}dkov{\'a}, Pavla and Pakeman, Robin J and Duchoslav, Martin},
  journal={Ecology and evolution},
  volume={10},
  number={8},
  pages={3747--3757},
  year={2020},
  publisher={Wiley Online Library}
}
@article{kumar2017timetree,
author = {Kumar, Sudhir and Stecher, Glen and Suleski, Michael and Hedges, S. Blair},
doi = {10.1093/molbev/msx116},
journal = {Molecular biology and evolution},
keywords = {database,divergence time,software,timetree},
number = {7},
pages = {1812--1819},
pmid = {28387841},
title = {{TimeTree: A Resource for Timelines, Timetrees, and Divergence Times}},
volume = {34},
year = {2017}
}
@article{webb2008phylocom,
author = {Webb, Campbell O. and Ackerly, David D. and Kembel, Steven W.},
doi = {10.1093/bioinformatics/btn358},
file = {:Users/luna/Google Drive/BIBLIOgraf{\'{i}}a/Webb et al{\_}2008.pdf:pdf},
isbn = {1367-4811 (Electronic)$\backslash$r1367-4803 (Linking)},
journal = {Bioinformatics},
number = {18},
pages = {2098--2100},
pmid = {18678590},
title = {{Phylocom: Software for the analysis of phylogenetic community structure and trait evolution}},
volume = {24},
year = {2008}
}
@article{jantzen2019effects,
  title={Effects of taxon sampling and tree reconstruction methods on phylodiversity metrics},
  author={Jantzen, Johanna R and Whitten, William M and Neubig, Kurt M and Majure, Lucas C and Soltis, Douglas E and Soltis, Pamela S},
  journal={Ecology and evolution},
  volume={9},
  number={17},
  pages={9479--9499},
  year={2019},
  publisher={Wiley Online Library}
}
@article{kunc2019effects,
  title={The effects of anthropogenic noise on animals: a meta-analysis},
  author={Kunc, Hansjoerg P and Schmidt, Rouven},
  journal={Biology letters},
  volume={15},
  number={11},
  pages={20190649},
  year={2019},
  publisher={The Royal Society}
}
@article{ranwez2009phyloexplorer,
  title={PhyloExplorer: a web server to validate, explore and query phylogenetic trees},
  author={Ranwez, Vincent and Clairon, Nicolas and Delsuc, Fr{\'e}d{\'e}ric and Pourali, Saeed and Auberval, Nicolas and Diser, Sorel and Berry, Vincent},
  journal={BMC evolutionary biology},
  volume={9},
  number={1},
  pages={1--13},
  year={2009},
  publisher={Springer}
}
@article{anwar2009improved,
  title={Improved data retrieval from TreeBASE via taxonomic and linguistic data enrichment},
  author={Anwar, Nadia and Hunt, Ela},
  journal={BMC Evolutionary Biology},
  volume={9},
  number={1},
  pages={1--15},
  year={2009},
  publisher={BioMed Central}
}
@article{tree2014tree,
  title={Tree of Sex: A database of sexual systems},
  author={Tree of Sex Consortium and others},
  journal={Scientific Data},
  volume={1},
  year={2014},
  publisher={Nature Publishing Group}
}
@article{chen2008phylofinder,
  title={PhyloFinder: an intelligent search engine for phylogenetic tree databases},
  author={Chen, Duhong and Burleigh, J Gordon and Bansal, Mukul S and Fern{\'a}ndez-Baca, David},
  journal={BMC Evolutionary Biology},
  volume={8},
  number={1},
  pages={1--11},
  year={2008},
  publisher={Springer}
}
@article{mcmahon2015stbase,
  title={STBase: one million species trees for comparative biology},
  author={McMahon, Michelle M and Deepak, Akshay and Fern{\'a}ndez-Baca, David and Boss, Darren and Sanderson, Michael J},
  journal={PloS one},
  volume={10},
  number={2},
  pages={e0117987},
  year={2015},
  publisher={Public Library of Science}
}
@inproceedings{piel2000treebase,
  title={TreeBASE: a database of phylogenetic information},
  author={Piel, William H and Donoghue, Michael and Sanderson, MJ and Netherlands, L},
  booktitle={Proceedings of the 2nd International Workshop of Species},
  volume={2000},
  year={2000}
}
@article{antonelli2014supersmart,
	title = {Toward a {Self}-{Updating} {Platform} for {Estimating} {Rates} of {Speciation} and {Migration}, {Ages}, and {Relationships} of {Taxa}},
	volume = {66},
	doi = {10.1093/sysbio/syw066},
	number = {2},
	urldate = {2017-10-25},
	journal = {Systematic Biology},
	author = {Antonelli, Alexandre and Hettling, Hannes and Condamine, Fabien L. and Vos, Karin and Nilsson, R. Henrik and Sanderson, Michael J. and Sauquet, Hervé and Scharn, Ruud and Silvestro, Daniele and Töpel, Mats and Bacon, Christine D. and Oxelman, Bengt and Vos, Rutger A.},
	year = {2017},
	pages = {152--166},
	file = {syw066.pdf:/home/ejmctavish/Zotero/storage/AVQXUAYJ/syw066.pdf:application/pdf},
}

@article{sanderson2008phylota,
  title={The PhyLoTA Browser: processing GenBank for molecular phylogenetics research},
  author={Sanderson, Michael J and Boss, Darren and Chen, Duhong and Cranston, Karen A and Wehe, Andre},
  journal={Systematic Biology},
  volume={57},
  number={3},
  pages={335--346},
  year={2008},
  publisher={Taylor \& Francis}
}
@article{smith2009mega,
  title={Mega-phylogeny approach for comparative biology: an alternative to supertree and supermatrix approaches},
  author={Smith, Stephen A and Beaulieu, Jeremy M and Donoghue, Michael J},
  journal={BMC evolutionary biology},
  volume={9},
  number={1},
  pages={1--12},
  year={2009},
  publisher={Springer}
}
@article{geffroy2020evolutionary,
  title={Evolutionary dynamics in the Anthropocene: Life history and intensity of human contact shape antipredator responses},
  author={Geffroy, Benjamin and Sadoul, Bastien and Putman, Breanna J and Berger-Tal, Oded and Garamszegi, L{\'a}szl{\'o} Zsolt and M{\o}ller, Anders Pape and Blumstein, Daniel T},
  journal={PLoS biology},
  volume={18},
  number={9},
  pages={e3000818},
  year={2020},
}
@article{soltis2003role,
  title={The role of phylogenetics in comparative genetics},
  author={Soltis, Douglas E and Soltis, Pamela S},
  journal={Plant Physiology},
  volume={132},
  number={4},
  pages={1790--1800},
  year={2003},
  publisher={Am Soc Plant Biol}
}
@article{cui2020shoot,
  title={Shoot flammability of vascular plants is phylogenetically conserved and related to habitat fire-proneness and growth form},
  author={Cui, Xinglei and Paterson, Adrian M and Wyse, Sarah V and Alam, Md Azharul and Maurin, K{\'e}vin JL and Pieper, Robin and Cubino, Josep Padull{\'e}s and O’Connell, Dean M and Donkers, Djessie and Br{\'e}da, Julien and others},
  journal={Nature plants},
  volume={6},
  number={4},
  pages={355--359},
  year={2020},
  publisher={Nature Publishing Group}
}
@article{garland1992procedures,
  title={Procedures for the analysis of comparative data using phylogenetically independent contrasts},
  author={Garland Jr, Theodore and Harvey, Paul H and Ives, Anthony R},
  journal={Systematic biology},
  volume={41},
  number={1},
  pages={18--32},
  year={1992},
  publisher={Society of Systematic Biologists}
}
@article{sanchez2019datelife,
  title={DateLife: Leveraging databases and analytical tools to reveal the dated Tree of Life},
  author={S{\'a}nchez-Reyes, Luna L and O’Meara, Brian C},
  journal={bioRxiv},
  pages={782094},
  year={2019},
  publisher={Cold Spring Harbor Laboratory}
}
@article{nguyen2020phylotastic,
  title={Phylotastic: improving access to tree-of-life knowledge with flexible, on-the-fly delivery of trees},
  author={Nguyen, Van D and Nguyen, Thanh H and Tayeen, Abu Saleh Md and Laughinghouse IV, H Dail and S{\'a}nchez-Reyes, Luna L and Wiggins, Jodie and Pontelli, Enrico and Mozzherin, Dmitry and O’Meara, Brian and Stoltzfus, Arlin},
  journal={Evolutionary Bioinformatics},
  volume={16},
  pages={1176934319899384},
  year={2020},
  publisher={SAGE Publications Sage UK: London, England}
}
@article{fisher2017evolution,
  title={The evolution of host-symbiont dependence},
  author={Fisher, Roberta M and Henry, Lee M and Cornwallis, Charlie K and Kiers, E Toby and West, Stuart A},
  journal={Nature Communications},
  volume={8},
  number={1},
  pages={1--8},
  year={2017},
  publisher={Nature Publishing Group}
}
@article{tarka2018sex,
  title={Sex differences in life history, behavior, and physiology along a slow-fast continuum: a meta-analysis},
  author={Tarka, Maja and Guenther, Anja and Niemel{\"a}, Petri T and Nakagawa, Shinichi and Noble, Daniel WA},
  journal={Behavioral ecology and sociobiology},
  volume={72},
  number={8},
  pages={1--13},
  year={2018},
  publisher={Springer}
}
@article{capdevila2020longevity,
  title={Longevity, body dimension and reproductive mode drive differences in aquatic versus terrestrial life-history strategies},
  author={Capdevila, Pol and Beger, Maria and Blomberg, Simone P and Hereu, Bernat and Linares, Cristina and Salguero-G{\'o}mez, Roberto},
  journal={Functional Ecology},
  volume={34},
  number={8},
  pages={1613--1625},
  year={2020},
  publisher={Wiley Online Library}
}
@article{wong2020dynamic,
  title={Dynamic visualisation of million-tip trees: the OneZoom project},
  doi={10.1101/2020.10.14.323055},
  author={Wong, Yan and Rosindell, James},
  journal={bioRxiv},
  year={2020},
  publisher={Cold Spring Harbor Laboratory}
}
@article{ewers2019towards,
  title={Towards a barnacle tree of life: integrating diverse phylogenetic efforts into a comprehensive hypothesis of thecostracan evolution},
  author={Ewers-Saucedo, Christine and Owen, Christopher L and P{\'e}rez-Losada, Marcos and H{\o}eg, Jens T and Glenner, Henrik and Chan, Benny KK and Crandall, Keith A},
  journal={PeerJ},
  volume={7},
  pages={e7387},
  year={2019},
  publisher={PeerJ Inc.}
}
@article{brown2017development,
  title={The development of scientific consensus: Analyzing conflict and concordance among avian phylogenies},
  author={Brown, Joseph W and Wang, Ning and Smith, Stephen A},
  journal={Molecular phylogenetics and evolution},
  volume={116},
  pages={69--77},
  year={2017},
  publisher={Elsevier}
}
@article{lewin2018earth,
  title={Earth BioGenome Project: Sequencing life for the future of life},
  author={Lewin, Harris A and Robinson, Gene E and Kress, W John and Baker, William J and Coddington, Jonathan and Crandall, Keith A and Durbin, Richard and Edwards, Scott V and Forest, F{\'e}lix and Gilbert, M Thomas P and others},
  journal={Proceedings of the National Academy of Sciences},
  volume={115},
  number={17},
  pages={4325--4333},
  year={2018},
  publisher={National Acad Sciences}
}
@article{herrera2015predicting,
  title={{Predicting RAD-seq marker numbers across the eukaryotic tree of life}},
  author={Herrera, Santiago and Reyes-Herrera, Paula H and Shank, Timothy M},
  journal={Genome biology and evolution},
  volume={7},
  number={12},
  pages={3207--3225},
  year={2015},
  publisher={Oxford University Press}
}
@article{boeckmann2015quest,
  title={Quest for orthologs entails quest for tree of life: in search of the gene stream},
  author={Boeckmann, Brigitte and Marcet-Houben, Marina and Rees, Jonathan A and Forslund, Kristoffer and Huerta-Cepas, Jaime and Muffato, Matthieu and Yilmaz, Pelin and Xenarios, Ioannis and Bork, Peer and Lewis, Suzanna E and others},
  journal={Genome biology and evolution},
  volume={7},
  number={7},
  pages={1988--1999},
  year={2015},
  publisher={Oxford University Press}
}
@article{stoltzfus2013phylotastic,
  title={{Phylotastic! Making tree-of-life knowledge accessible, reusable and convenient}},
  author={Stoltzfus, Arlin and Lapp, Hilmar and Matasci, Naim and Deus, Helena and Sidlauskas, Brian and Zmasek, Christian M and Vaidya, Gaurav and Pontelli, Enrico and Cranston, Karen and Vos, Rutger and others},
  journal={BMC bioinformatics},
  volume={14},
  number={1},
  pages={1--17},
  year={2013},
  publisher={BioMed Central}
}
@article{smith2018constructing,
  title={Constructing a broadly inclusive seed plant phylogeny},
  author={Smith, Stephen A and Brown, Joseph W},
  journal={American journal of botany},
  volume={105},
  number={3},
  pages={302--314},
  year={2018},
  publisher={Wiley Online Library}
}
@article{rosindell2012onezoom,
  title={OneZoom: a fractal explorer for the tree of life},
  author={Rosindell, James and Harmon, Luke J},
  journal={PLoS Biol},
  volume={10},
  number={10},
  pages={e1001406},
  year={2012},
}
@article{uyeda2017evolution,
  title={The evolution of energetic scaling across the vertebrate tree of life},
  author={Uyeda, Josef C and Pennell, Matthew W and Miller, Eliot T and Maia, Rafael and McClain, Craig R},
  journal={The American Naturalist},
  volume={190},
  number={2},
  pages={185--199},
  year={2017},
  publisher={University of Chicago Press Chicago, IL}
}
@article{miller2020codonpairs,
  title={Codon Pairs are Phylogenetically Conserved: A comprehensive analysis of codon pairing conservation across the Tree of Life},
  author={Miller, Justin B and McKinnon, Lauren M and Whiting, Michael F and Kauwe, John SK and Ridge, Perry G},
  journal={PloS one},
  volume={15},
  number={5},
  pages={e0232260},
  year={2020},
}
@article{miller2020codonuse,
  title={Codon use and aversion is largely phylogenetically conserved across the tree of life},
  author={Miller, Justin B and McKinnon, Lauren M and Whiting, Michael F and Ridge, Perry G},
  journal={Molecular phylogenetics and evolution},
  volume={144},
  pages={106697},
  year={2020},
  publisher={Elsevier}
}
@article{fukushima2020global,
  title={Global wildlife trade permeates the Tree of Life},
  author={Fukushima, Caroline Sayuri and Mammola, Stefano and Cardoso, Pedro},
  journal={Biological Conservation},
  volume={247},
  pages={108503},
  year={2020},
  publisher={Elsevier}
}
@article{bravo2019embracing,
  title={Embracing heterogeneity: coalescing the Tree of Life and the future of phylogenomics},
  author={Bravo, Gustavo A and Antonelli, Alexandre and Bacon, Christine D and Bartoszek, Krzysztof and Blom, Mozes PK and Huynh, Stella and Jones, Graham and Knowles, L Lacey and Lamichhaney, Sangeet and Marcussen, Thomas and others},
  journal={PeerJ},
  volume={7},
  pages={e6399},
  year={2019},
  publisher={PeerJ Inc.}
}
@article{owen2015synthetic,
  title={A synthetic phylogeny of freshwater crayfish: insights for conservation},
  author={Owen, Christopher L and Bracken-Grissom, Heather and Stern, David and Crandall, Keith A},
  journal={Philosophical Transactions of the Royal Society B: Biological Sciences},
  volume={370},
  number={1662},
  pages={20140009},
  year={2015},
  publisher={The Royal Society}
}
@article{healy2019animal,
  title={Animal life history is shaped by the pace of life and the distribution of age-specific mortality and reproduction},
  author={Healy, Kevin and Ezard, Thomas HG and Jones, Owen R and Salguero-G{\'o}mez, Roberto and Buckley, Yvonne M},
  journal={Nature Ecology \& Evolution},
  volume={3},
  number={8},
  pages={1217--1224},
  year={2019},
  publisher={Nature Publishing Group}
}
@article{allen2019spatial,
  title={Spatial phylogenetics of Florida vascular plants: The effects of calibration and uncertainty on diversity estimates},
  author={Allen, Julie M and Germain-Aubrey, Charlotte C and Barve, Narayani and Neubig, Kurt M and Majure, Lucas C and Laffan, Shawn W and Mishler, Brent D and Owens, Hannah L and Smith, Stephen A and Whitten, W Mark and others},
  journal={IScience},
  volume={11},
  pages={57--70},
  year={2019},
  publisher={Elsevier}
}
@article{li2019common,
  title={For common community phylogenetic analyses, go ahead and use synthesis phylogenies},
  author={Li, Daijiang and Trotta, Lauren and Marx, Hannah E and Allen, Julie M and Sun, Miao and Soltis, Douglas E and Soltis, Pamela S and Guralnick, Robert P and Baiser, Benjamin},
  journal={Ecology},
  volume={100},
  number={9},
  pages={e02788},
  year={2019},
  publisher={Wiley Online Library}
}
@article{felsenstein1985phylogenies,
  title={Phylogenies and the comparative method},
  author={Felsenstein, Joseph},
  journal={The American Naturalist},
  volume={125},
  number={1},
  pages={1--15},
  year={1985},
  publisher={University of Chicago Press}
}
@article{webb2005phylomatic,
  title={Phylomatic: tree assembly for applied phylogenetics},
  author={Webb, Campbell O and Donoghue, Michael J},
  journal={Molecular ecology notes},
  volume={5},
  number={1},
  pages={181--183},
  year={2005},
  publisher={Wiley Online Library}
}
@article{chen2008phylofinder,
  title={PhyloFinder: an intelligent search engine for phylogenetic tree databases},
  author={Chen, Duhong and Burleigh, J Gordon and Bansal, Mukul S and Fern{\'a}ndez-Baca, David},
  journal={BMC Evolutionary Biology},
  volume={8},
  number={1},
  pages={90},
  year={2008},
  publisher={Springer},
  doi={10.1186/1471-2148-8-90.}
}
@article{mcmahon2015stbase,
  title={STBase: one million species trees for comparative biology},
  author={McMahon, Michelle M and Deepak, Akshay and Fern{\'a}ndez-Baca, David and Boss, Darren and Sanderson, Michael J},
  journal={PloS ONE},
  volume={10},
  number={2},
  year={2015},
  publisher={Public Library of Science},
  doi={10.1371/journal.pone.0117987}
}
@article{hinchliff_synthesis_2015,
	title = {Synthesis of phylogeny and taxonomy into a comprehensive tree of life},
	volume = {112},
	doi = {10.1073/pnas.1423041112},
	number = {41},
	urldate = {2015-09-30},
	journal = {Proceedings of the National Academy of Sciences},
	author = {Hinchliff, Cody E. and Smith, Stephen A. and Allman, James F. and Burleigh, J. Gordon and Chaudhary, Ruchi and Coghill, Lyndon M. and Crandall, Keith A. and Deng, Jiabin and Drew, Bryan T. and Gazis, Romina and Gude, Karl and Hibbett, David S. and Katz, Laura A. and Laughinghouse, H. Dail and McTavish, Emily Jane and Midford, Peter E. and Owen, Christopher L. and Ree, Richard H. and Rees, Jonathan A. and Soltis, Douglas E. and Williams, Tiffani and Cranston, Karen A.},
	month = sep,
	year = {2015},
	pmid = {26385966},
	keywords = {Phylogeny, Taxonomy, tree of life, biodiversity, synthesis},
	pages = {12764--12769},
	file = {Full Text PDF:/home/ejmctavish/Zotero/storage/S2U2VP26/Hinchliff et al. - 2015 - Synthesis of phylogeny and taxonomy into a compreh.pdf:application/pdf;Snapshot:/home/ejmctavish/Zotero/storage/2PW4BF5H/1423041112.html:text/html},
}

@article{drew_lost_2013,
	title = {Lost branches on the tree of life},
	volume = {11},
	doi = {10.1371/journal.pbio.1001636},
	abstract = {Failure to archive published data can impede reproducibility and inhibit downstream synthesis. Alarmingly, we estimate that ∼70\% of existing DNA sequence alignments/phylogenetic trees, representing much of the underpinning of modern phylogenetic analysis, are no longer accessible. The evolutionary biology community needs to adopt policies ensuring that data are publicly archived upon publication.},
	number = {9},
	urldate = {2016-04-11},
	journal = {PLOS Biol},
	author = {Drew, Bryan T. and Gazis, Romina and Cabezas, Patricia and Swithers, Kristen S. and Deng, Jiabin and Rodriguez, Roseana and Katz, Laura A. and Crandall, Keith A. and Hibbett, David S. and Soltis, Douglas E.},
	month = sep,
	year = {2013},
	keywords = {Phylogenetics, Sequence alignment, Evolutionary Biology, Phylogenetic analysis, DNA sequence analysis, Evolutionary systematics, Fungal evolution, Reproducibility},
	pages = {e1001636},
	file = {Full Text PDF:/home/ejmctavish/Zotero/storage/JJ9QHR5F/Drew et al. - 2013 - Lost Branches on the Tree of Life.pdf:application/pdf;Snapshot:/home/ejmctavish/Zotero/storage/9DGZUBI8/article.html:text/html},
}

@article{redelings_supertree_2017,
	title = {A supertree pipeline for summarizing phylogenetic and taxonomic information for millions of species},
	volume = {5},
	doi = {10.7717/peerj.3058},
	urldate = {2017-03-17},
	journal = {PeerJ},
	author = {Redelings, Benjamin D. and Holder, Mark T.},
	month = mar,
	year = {2017},
	pages = {e3058},
	file = {Full Text PDF:/home/ejmctavish/Zotero/storage/KGDF94G9/Redelings and Holder - 2017 - A supertree pipeline for summarizing phylogenetic .pdf:application/pdf;Snapshot:/home/ejmctavish/Zotero/storage/KRZ6MSR7/3058.html:text/html},
}

@article{michonneau_rotl_2016,
	title = {rotl: an {R} package to interact with the {Open} {Tree} of {Life} data},
	volume = {7},
	shorttitle = {rotl},
	number = {12},
	journal = {Methods in Ecology and Evolution},
	author = {Michonneau, François and Brown, Joseph W. and Winter, David J.},
	year = {2016},
	pages = {1476--1481},
	file = {[PDF] peerj.com:/home/ejmctavish/Zotero/storage/5YKP3Y7H/Michonneau et al. - 2016 - rotl an R package to interact with the Open Tree .pdf:application/pdf;Snapshot:/home/ejmctavish/Zotero/storage/CEPKDXZN/full.html:text/html},
}

@article{mctavish_phylesystem_2015,
	title = {Phylesystem: a git-based data store for community-curated phylogenetic estimates},
	volume = {31},
	shorttitle = {Phylesystem},
	doi = {10.1093/bioinformatics/btv276},
	number = {17},
	urldate = {2017-10-20},
	journal = {Bioinformatics},
	author = {McTavish, Emily Jane and Hinchliff, Cody E. and Allman, James F. and Brown, Joseph W. and Cranston, Karen A. and Holder, Mark T. and Rees, Jonathan A. and Smith, Stephen A.},
	month = sep,
	year = {2015},
	pages = {2794--2800},
	file = {Full Text PDF:/home/ejmctavish/Zotero/storage/YCM8F8S9/McTavish et al. - 2015 - Phylesystem a git-based data store for community-.pdf:application/pdf;Snapshot:/home/ejmctavish/Zotero/storage/H6PRCRH3/btv276.html:text/html},
}

@article{mctavish_how_2017,
	title = {How and {Why} to {Build} a {Unified} {Tree} of {Life}},
	volume = {39},
	doi = {10.1002/bies.201700114},
	number = {11},
	urldate = {2018-04-10},
	journal = {BioEssays},
	author = {McTavish, Emily Jane and Drew, Bryan T. and Redelings, Ben and Cranston, Karen A.},
	month = nov,
	year = {2017},
	file = {Full Text PDF:/home/ejmctavish/Zotero/storage/HFSD83Z2/McTavish et al. - 2017 - How and Why to Build a Unified Tree of Life.pdf:application/pdf;Snapshot:/home/ejmctavish/Zotero/storage/RL2TXEJL/bies.html:text/html},
}

@article{rees_automated_2017,
	title = {Automated assembly of a reference taxonomy for phylogenetic data synthesis},
	doi = {10.3897/BDJ.5.e12581},
	number = {5},
	urldate = {2018-04-10},
	journal = {Biodiversity Data Journal},
	author = {Rees, Jonathan A. and Cranston, Karen},
	month = may,
	year = {2017},
	pmid = {28765728},
	pmcid = {PMC5515096},
	file = {PubMed Central Full Text PDF:/home/ejmctavish/Zotero/storage/6CDY58P8/Rees and Cranston - 2017 - Automated assembly of a reference taxonomy for phy.pdf:application/pdf},
}

@article{sukumaran_dendropy_2010,
	title = {{DendroPy}: a {Python} library for phylogenetic computing},
	volume = {26},
	shorttitle = {{DendroPy}},
	doi = {10.1093/bioinformatics/btq228},
	abstract = {Abstract.  Summary: DendroPy is a cross-platform library for the Python programming language that provides for object-oriented reading, writing, simulation and},
	number = {12},
	urldate = {2020-07-20},
	journal = {Bioinformatics},
	author = {Sukumaran, Jeet and Holder, Mark T.},
	month = jun,
	year = {2010},
	pages = {1569--1571},
}

@article{opentreeoflife_open_2019,
	title = {Open {Tree} of {Life} {Synthetic} {Tree}},
	abstract = {Open Tree of Life aims to construct a comprehensive, dynamic and digitally-available tree of life by synthesizing published phylogenetic trees along with taxonomic data.},
	urldate = {2020-07-20},
	author = {{OpenTreeOfLife} and {Benjamin Redelings} and {Luna Luisa Sanchez Reyes} and {Karen A. Cranston} and {Jim Allman} and {Mark T. Holder} and {Emily Jane McTavish}},
	month = dec,
	year = {2019},
	doi = {10.5281/zenodo.3937742},
	file = {Zenodo Snapshot:/home/ejmctavish/Zotero/storage/DGWYU9CF/3937742.html:text/html},
}

@article{opentreeoflife_open_2019-1,
	title = {Open {Tree} of {Life} {Taxonomy}},
	abstract = {The reference taxonomy is an algorithmic combination of several source taxonomies. For code, see the source code repository. Version 3.2 draft 9 was generated using commit 618bab0ca3.},
	urldate = {2020-07-20},
	author = {{OpenTreeofLife} and {Karen A. Cranston} and {Benjamin Redelings} and {Luna Luisa Sanchez Reyes} and {Jim Allman} and {Emily Jane McTavish} and {Mark T. Holder}},
	month = oct,
	year = {2019},
	doi = {10.5281/zenodo.3937751},
	file = {Zenodo Snapshot:/home/ejmctavish/Zotero/storage/4IAGZCUI/3937751.html:text/html},
}

@article{gratton_world_2017,
	title = {A world of sequences: can we use georeferenced nucleotide databases for a robust automated phylogeography?},
	volume = {44},
	copyright = {© 2016 John Wiley \& Sons Ltd},
	shorttitle = {A world of sequences},
	doi = {https://doi.org/10.1111/jbi.12786},
	number = {2},
	urldate = {2020-11-13},
	journal = {Journal of Biogeography},
	author = {Gratton, Paolo and Marta, Silvio and Bocksberger, Gaëlle and Winter, Marten and Trucchi, Emiliano and Kühl, Hjalmar},
	year = {2017},
	keywords = {GenBank, biodiversity, metadata, DNA barcoding, comparative phylogeography, geodata, georeferencing},
	pages = {475--486},
	file = {Snapshot:/home/ejmctavish/Zotero/storage/6B4AKWID/jbi.html:text/html},
}

@article{sanchez-reyes_datelife_2019,
	title = {{DateLife}: {Leveraging} databases and analytical tools to reveal the dated {Tree} of {Life}},
	copyright = {© 2019, Posted by Cold Spring Harbor Laboratory. This pre-print is available under a Creative Commons License (Attribution-NonCommercial-NoDerivs 4.0 International), CC BY-NC-ND 4.0, as described at http://creativecommons.org/licenses/by-nc-nd/4.0/},
	shorttitle = {{DateLife}},
	doi = {10.1101/782094},
	urldate = {2020-12-01},
	journal = {bioRxiv},
	author = {Sánchez-Reyes, Luna L. and O’Meara, Brian C.},
	month = oct,
	year = {2019},
	pages = {782094},
	file = {Full Text PDF:/home/ejmctavish/Zotero/storage/IQXRSIPY/Sánchez-Reyes and O’Meara - 2019 - DateLife Leveraging databases and analytical tool.pdf:application/pdf;Snapshot:/home/ejmctavish/Zotero/storage/AMWRZWT3/782094v1.html:text/html},
}

@misc{gbif_secretariat_gbif_2019,
	title = {{GBIF} occurence download},
	url = {https://doi.org/10.15468/dl.9bigak},
	abstract = {Global Biodiversity Information Facility. Free and Open Access to Biodiversity Data.},
	urldate = {2020-12-01},
	author = {GBIF Secretariat},
	month = oct,
	year = {2019},
}

@article{ballen_walking_2017,
	title = {Walking and talking the tree of life: {Why} and how to teach about biodiversity},
	volume = {15},
	shorttitle = {Walking and talking the tree of life},
	doi = {10.1371/journal.pbio.2001630},
	number = {3},
	urldate = {2020-12-01},
	journal = {PLOS Biology},
	author = {Ballen, Cissy J. and Greene, Harry W.},
	month = mar,
	year = {2017},
	pages = {e2001630},
	file = {Full Text PDF:/home/ejmctavish/Zotero/storage/3YQC2PAG/Ballen and Greene - 2017 - Walking and talking the tree of life Why and how .pdf:application/pdf;Snapshot:/home/ejmctavish/Zotero/storage/HQUR73DX/article.html:text/html},
}

@article{li_for_2019,
	title = {For common community phylogenetic analyses, go ahead and use synthesis phylogenies},
	volume = {100},
	copyright = {© 2019 The Authors. Ecology published by Wiley Periodicals, Inc. on behalf of Ecological Society of America.},
	doi = {https://doi.org/10.1002/ecy.2788},
	number = {9},
	urldate = {2020-12-01},
	journal = {Ecology},
	author = {Li, Daijiang and Trotta, Lauren and Marx, Hannah E. and Allen, Julie M. and Sun, Miao and Soltis, Douglas E. and Soltis, Pamela S. and Guralnick, Robert P. and Baiser, Benjamin},
	year = {2019},
	pages = {e02788},
	file = {Full Text PDF:/home/ejmctavish/Zotero/storage/J2KXYT3E/Li et al. - 2019 - For common community phylogenetic analyses, go ahe.pdf:application/pdf;Snapshot:/home/ejmctavish/Zotero/storage/RRKLVRYS/ecy.html:text/html},
}

@article{federhen_ncbi_2012,
	title = {The {NCBI} {Taxonomy} database},
	volume = {40},
	doi = {10.1093/nar/gkr1178},
	abstract = {Abstract. The NCBI Taxonomy database (http://www.ncbi.nlm.nih.gov/taxonomy) is the standard nomenclature and classification repository for the International Nuc},
	number = {D1},
	urldate = {2020-12-03},
	journal = {Nucleic Acids Research},
	author = {Federhen, Scott},
	month = jan,
	year = {2012},
	pages = {D136--D143},
	file = {Snapshot:/home/ejmctavish/Zotero/storage/VD3ESHAD/2903327.html:text/html;Full Text PDF:/home/ejmctavish/Zotero/storage/2V5DPESV/Federhen - 2012 - The NCBI Taxonomy database.pdf:application/pdf;Snapshot:/home/ejmctavish/Zotero/storage/RGN2Y9CC/2903327.html:text/html},
}

@article{gbif_secretariat_gbif_2019-1,
	title = {{GBIF} {Backbone} {Taxonomy}},
	copyright = {http://creativecommons.org/licenses/by/4.0/legalcode},
	url = {https://www.gbif.org/dataset/d7dddbf4-2cf0-4f39-9b2a-bb099caae36c},
	doi = {10.15468/39omei},
	abstract = {The GBIF Backbone Taxonomy is a single, synthetic management classification with the goal of covering all names GBIF is dealing with. It\&\#39;s the taxonomic backbone that allows GBIF to integrate name based information from different resources, no matter if these are occurrence datasets, species pages, names from nomenclators or external sources like EOL, Genbank or IUCN. This backbone allows taxonomic search, browse and reporting operations across all those resources in a consistent way and to provide means to crosswalk names from one source to another. It is updated regulary through an autom…},
	urldate = {2020-12-03},
	author = {GBIF Secretariat},
	year = {2019},
	file = {Snapshot:/home/ejmctavish/Zotero/storage/J3UTV2KZ/d7dddbf4-2cf0-4f39-9b2a-bb099caae36c.html:text/html},
}

@article{sullivan_ebird_2009,
	title = {{eBird}: {A} citizen-based bird observation network in the biological sciences},
	volume = {142},
	shorttitle = {{eBird}},
	doi = {10.1016/j.biocon.2009.05.006},
	number = {10},
	urldate = {2020-12-03},
	journal = {Biological Conservation},
	author = {Sullivan, Brian L. and Wood, Christopher L. and Iliff, Marshall J. and Bonney, Rick E. and Fink, Daniel and Kelling, Steve},
	month = oct,
	year = {2009},
	keywords = {Bird observations, Citizen-science, eBird, Observation network, Scale-dependent analysis},
	pages = {2282--2292},
}

@article{letunic_interactive_2019,
	title = {Interactive {Tree} {Of} {Life} ({iTOL}) v4: recent updates and new developments},
	volume = {47},
	shorttitle = {Interactive {Tree} {Of} {Life} ({iTOL}) v4},
	doi = {10.1093/nar/gkz239},
	abstract = {Abstract. The Interactive Tree Of Life (https://itol.embl.de) is an online tool for the display, manipulation and annotation of phylogenetic and other trees. It},
	number = {W1},
	urldate = {2020-12-05},
	journal = {Nucleic Acids Research},
	author = {Letunic, Ivica and Bork, Peer},
	month = jul,
	year = {2019},
	pages = {W256--W259},
	file = {Snapshot:/home/ejmctavish/Zotero/storage/HDNG3PGD/5424068.html:text/html;Full Text PDF:/home/ejmctavish/Zotero/storage/ZY7RS7HG/Letunic and Bork - 2019 - Interactive Tree Of Life (iTOL) v4 recent updates.pdf:application/pdf;Snapshot:/home/ejmctavish/Zotero/storage/USXQUB5W/5424068.html:text/html},
}

@article{reyes_physcraper_2020,
	title = {Physcraper: a python package for continual update of evolutionary estimates using the {Open} {Tree} of {Life}},
	copyright = {© 2020, Posted by Cold Spring Harbor Laboratory. This pre-print is available under a Creative Commons License (Attribution-NonCommercial-NoDerivs 4.0 International), CC BY-NC-ND 4.0, as described at http://creativecommons.org/licenses/by-nc-nd/4.0/},
	shorttitle = {Physcraper},
	doi = {10.1101/2020.09.15.299156},
	urldate = {2020-12-12},
	journal = {bioRxiv},
	author = {Sanchez Reyes, Luna L. and Kandziora, Martha and McTavish, Emily Jane},
	month = sep,
	year = {2020},
	pages = {2020.09.15.299156},
	file = {Full Text PDF:/home/ejmctavish/Zotero/storage/MC36LLYV/Reyes et al. - 2020 - Physcraper a python package for continual update .pdf:application/pdf;Snapshot:/home/ejmctavish/Zotero/storage/NM6IHQ5T/2020.09.15.html:text/html},
}

@article{parr_evolutionary_2012,
	title = {Evolutionary informatics: unifying knowledge about the diversity of life},
	volume = {27},
	shorttitle = {Evolutionary informatics},
	doi = {10.1016/j.tree.2011.11.001},
	number = {2},
	urldate = {2020-12-12},
	journal = {Trends in Ecology \& Evolution},
	author = {Parr, Cynthia S. and Guralnick, Robert and Cellinese, Nico and Page, Roderic D. M.},
	month = feb,
	year = {2012},
	pmid = {22154516},
	pages = {94--103},
	file = {Full Text PDF:/home/ejmctavish/Zotero/storage/V4J8T23B/Parr et al. - 2012 - Evolutionary informatics unifying knowledge about.pdf:application/pdf;Snapshot:/home/ejmctavish/Zotero/storage/2LCWPH3T/S0169-5347(11)00324-7.html:text/html},
}
